<record><leader>00000cas a22000007a 4500</leader><controlfield tag="001">20150878</controlfield><controlfield tag="008">890809d19011928aruwr ne      0    0eng d</controlfield><datafield ind1=" " ind2=" " tag="010"><subfield code="a">sn 89051305 </subfield></datafield><datafield ind1=" " ind2=" " tag="040"><subfield code="a">ANU</subfield><subfield code="b">eng</subfield><subfield code="c">ANU</subfield><subfield code="d">OCLCQ</subfield><subfield code="d">OCLCF</subfield><subfield code="d">OCLCO</subfield></datafield><datafield ind1=" " ind2=" " tag="042"><subfield code="a">msc</subfield></datafield><datafield ind1=" " ind2=" " tag="043"><subfield code="a">n-us-ar</subfield></datafield><datafield ind1="0" ind2=" " tag="130"><subfield code="a">Magnolia news (Magnolia, Ark.)</subfield></datafield><datafield ind1="1" ind2="4" tag="245"><subfield code="a">The Magnolia news.</subfield></datafield><datafield ind1="3" ind2="0" tag="246"><subfield code="a">Magnolia news, Columbia County leader</subfield></datafield><datafield ind1="1" ind2="3" tag="246"><subfield code="a">Magnolia news and the Columbia County leader</subfield><subfield code="f">Jan. 4-Mar. 22, 1923</subfield></datafield><datafield ind1=" " ind2=" " tag="260"><subfield code="a">Magnolia, Ark. :</subfield><subfield code="b">Oscar Barran</subfield></datafield><datafield ind1=" " ind2=" " tag="300"><subfield code="a">v.</subfield></datafield><datafield ind1=" " ind2=" " tag="310"><subfield code="a">Weekly</subfield></datafield><datafield ind1="0" ind2=" " tag="362"><subfield code="a">1st year, no. 1 (May 15, 1901)-v. 27, no. 37 (Mar. 15, 1928).</subfield></datafield><datafield ind1=" " ind2=" " tag="500"><subfield code="a">Published as: Magnolia news, Columbia County leader, &lt;Dec. 14, 1922&gt;-Apr. 12, 1923.</subfield></datafield><datafield ind1=" " ind2=" " tag="515"><subfield code="a">Numbering is irregular.</subfield></datafield><datafield ind1=" " ind2=" " tag="580"><subfield code="a">Absorbed: Columbia County leader (non-extant).</subfield></datafield><datafield ind1=" " ind2="0" tag="651"><subfield code="a">Magnolia (Ark.)</subfield><subfield code="v">Newspapers.</subfield></datafield><datafield ind1=" " ind2="7" tag="655"><subfield code="a">Newspapers.</subfield><subfield code="2">fast</subfield><subfield code="0">(OCoLC)fst01423814</subfield></datafield><datafield ind1=" " ind2="7" tag="651"><subfield code="a">Arkansas</subfield><subfield code="z">Magnolia.</subfield><subfield code="2">fast</subfield><subfield code="0">(OCoLC)fst01220022</subfield></datafield><datafield ind1=" " ind2=" " tag="752"><subfield code="a">United States</subfield><subfield code="b">Arkansas</subfield><subfield code="c">Columbia</subfield><subfield code="d">Magnolia.</subfield></datafield><datafield ind1="1" ind2="5" tag="780"><subfield code="t">Columbia County leader</subfield></datafield><datafield ind1="0" ind2="7" tag="785"><subfield code="t">Columbia banner (Magnolia, Ark.)</subfield><subfield code="w">(DLC)sn 85032971</subfield></datafield><datafield ind1="0" ind2="7" tag="785"><subfield code="t">Banner-news (Magnolia, Ark. : Weekly)</subfield><subfield code="w">(DLC)sn 89051306</subfield></datafield></record>